2480 3508
218 153 259 59 1er FÉVRIER 1930

1021 146 357 52 L'ILLUSTRATION

1969 153 201 57 N° 4535 — 147

458 235 431 61 VERS L'AVION PLUS SûR

212 327 936 51 Le « Daniel Guggenheim Fund », institution privée américaine pour Ie

191 360 963 51 progrès aéronautique, avait institué, voilà plus de deux ans, un concours de

191 389 963 49 sécurité qui devait avoir lieu à la fin de 1929. Le premier prix était

191 417 965 48 d’importance, puisqu’il se montait à 100.000 dollars ; les engagements

191 454 228 44 furent nombreux.

212 465 946 55 Les concurrents le furent beaucoup moins ; si même l’on réserve ce nom

194 504 925 47 aux firmes dont les représentants pouvaient honnêtement prétendre

191 533 967 49 satisfaire aux très sévères épreuves, il n’y eut que deux compétiteurs véri¬

191 565 417 46 tables, Handley-Page et Curtiss

216 584 942 55 Le premier, constructeur britannique, a été, sinon l’inventeur, du moins

191 617 963 47 le créateur industriel de l’ « aile à fente ». Nous ne pouvons songer à

191 648 965 45 expliquer en quelques lignes la nature aérodynamique et le mécanisme

194 678 956 45 de cette disposition. Fente fermée, l’aile a un profil normal ; fente

191 707 965 47 ouverte, la circulation de l’air est modifiée de façon telle que l’avion

194 734 960 49 reste manœuvrable bien au-dessous de la limite qui — pour l’aile à

191 765 965 47 fente fermée — eût été celle de la perte de vitesse ; si l’on rend auto¬

191 793 965 48 matique l’ouverture opportune de la fente, on incorpore à l’avion une

194 822 741 51 sorte de « soupape de sûreté » qui a fait ses preuves

214 845 944 51 Handley-Page avait donc engagé au concours du Daniel Guggenheim

196 882 960 45 Fund un avion tout juste assez puissant pour réaliser la vitesse imposée

194 910 958 48 (177 kilomètres à l’heure), mais il l’avait fait aussi léger que possible et

191 939 965 52 généreusement pourvu de fentes et de volets de courbure conjugués avec

1325 1746 800 48 Le nouvel avion de Lindbergh sur les « blocks » de Los Angeles.

1288 1779 874 49 Ce beau Lockheed Sirius, avion de « très grand tourisme ». a 5.300 kilomètres

1626 1806 152 47 de rayon d’ac

1269 1870 936 51 C’est, croyons-nous, la raison pour laquelle le premier Lockheed Sirius

189 1917 973 51 Le Curtiss « Tanager » déclaré vainqueur du concours international Guggenheim

1245 1904 962 44 avion rapide de très grand tourisme, a été établi pour le grand ambas¬

518 1946 314 45 de sécurité aux Etats-Unis

1245 1935 965 45 sadeur de l’aviation américaine et muni de réservoirs spéciaux portant

489 2003 45 51 qui prolongen

532 2001 325 53 prolongent les plans inférieurs.

1245 1964 962 43 son rayon d’action à 5.300 kilomètres. Par étapes de cette envergure, le

1245 1991 521 39 colonel Lindbergh et Mme Lindbergh

1247 2020 958 49 pagne — auraient vite fait le tour de l’Amérique du Sud et visité ses

1795 1991 412 39 qui presque toujours l’accom¬

198 2065 960 49 les volets de fente, pour qu’il pût rester gouvernable tout en abaissant

1243 2046 240 47 capitales. — H. B

198 2097 962 44 à 38 milles (61 km. 1 à l’heure) sa vitesse en descente planée. Au Mitchel

194 2128 968 43 Field, près de New York, l’avion Handley-Page ne put pourtant satis¬

194 2155 964 47 faire à cette redoutable épreuve ; il approcha le succès à moins de

194 2186 964 47 3 km.-h.. mais fut éliminé. Au contraire, le Curtiss « Tanager » finit

193 2215 965 47 par réussir toutes les épreuves de qualification et, faute de concurrent

194 2247 964 46 qui pût lui disputer la palme, fut dispensé du concours proprement dit ;

194 2272 527 47 il reçut donc le prix de 100.000 dollars

216 2297 946 47 Cette victoire était essentiellement celle de l’aile à fente, car Curtiss

196 2330 964 43 avait muni son avion, sur tout le bord d’attaque des plans supérieur et

194 2360 964 44 inférieur, du fameux " volet de sécurité » et de volets de courbure au

193 2385 969 41 bord de fuite. Mais le « Tanager » disposait aussi d’ailerons spéciaux

194 2416 966 47 équilibrés à l’avant par un contrepoids et placés aux extrémités des

193 2443 965 43 ailes inférieures ; sommairement, on peut dire que ces ailerons, assurant

196 2473 962 43 le contrôle de l’équilibre latéral même aux plus faibles vitesses, étendaient

193 2498 967 47 l’efficacité de l' « aile à fente » au delà des limites normales ; d’où sans

193 2527 965 45 doute la supériorité du Curtiss. Toutefois, la firme américaine n’ayant pas

194 2558 966 45 cru devoir acquérir une licence auprès de Handley-Page, titulaire des

194 2588 968 48 brevets, le constructeur anglais a intenté un procès à son rival heureux,

193 2619 514 43 qui a riposté par des voies analogues

220 2636 940 53 Abstraction faite de ces fâcheux incidents, le concours du Daniel

194 2671 969 47 Guggenheim Fund aura permis d’apprécier rigoureusement les qualités

194 2705 968 44 aérodynamiques de sécurité — écart de vitesses, maniabilité — des avions

194 2732 960 47 modernes les mieux protégés contre la faute de pilotage. Il aura aide

226 2763 928 53 définir la route au bout de laquelle le génie humain disposera de

198 2792 197 47 « l’avion sûr »

372 2862 610 53 LE NOUVEL AVION DE LINDBERGH

220 2938 942 51 Le colonel Lindbergh ne tente plus de raids sportifs ni de records. A son

196 2974 966 40 exemple, l’aviation des Etats-Unis tout entière est orientée vers des

194 3003 968 39 domaines plus pratiques : prématurément lancés vers la fabrication en

196 3028 964 45 série, les constructeurs américains doivent, en effet, avant tout découvrir

196 3057 967 47 les marchés sans lesquels leurs usines ne pourront survivre. Sur le continent

194 3088 966 43 américain lui-même, et en Amérique du Sud d’abord, il semble possible

194 3116 968 45 de trouver ces débouchés indispensables, d’y créer par de saisissantes

194 3145 968 45 démonstrations le besoin nouveau qui justifiera et fortifiera l’organe indus¬

194 3176 747 55 triel. Dans cette tâche, le colonel Lindbergh a son rôle

1292 3170 856 72 Lindbergh et Mme Lindbergh prêts à monter dans leur avion Sirius.
